@article{beck:1993, 
	Author = {Beck, Kent},
	Title = {{CRC}: Finding objects the easy way},
	Journal = {Object Magazine},
	Volume = {3}, 
	Number = {4},
	Pages = {42--44},
	Year = {1993},
	Annote = {Kiss i murran}
} 